<record><leader>00000cas a22000007a 4500</leader><controlfield tag="001">43918941</controlfield><controlfield tag="008">000424d19771982tnuwr ne      0    0eng d</controlfield><controlfield tag="009">21523</controlfield><datafield ind1=" " ind2=" " tag="010"><subfield code="a">sn 00063931 </subfield></datafield><datafield ind1=" " ind2=" " tag="040"><subfield code="a">TGN</subfield><subfield code="b">eng</subfield><subfield code="c">TGN</subfield><subfield code="d">TGN</subfield></datafield><datafield ind1="1" ind2=" " tag="029"><subfield code="a">AU@</subfield><subfield code="b">000021486480</subfield></datafield><datafield ind1=" " ind2=" " tag="042"><subfield code="a">msc</subfield></datafield><datafield ind1="0" ind2="0" tag="245"><subfield code="a">White County times and the Sparta Tennessean.</subfield></datafield><datafield ind1="1" ind2=" " tag="246"><subfield code="i">Issues for Oct. 20, 1977-June 30, 1982 have title:</subfield><subfield code="a">White County times and Sparta Tennessean</subfield></datafield><datafield ind1="3" ind2="0" tag="246"><subfield code="a">White County times</subfield></datafield><datafield ind1="3" ind2="0" tag="246"><subfield code="a">Sparta Tennessean</subfield></datafield><datafield ind1=" " ind2=" " tag="260"><subfield code="a">Sparta, Tenn. :</subfield><subfield code="b">[s.n.],</subfield><subfield code="c">1977-1982.</subfield></datafield><datafield ind1=" " ind2=" " tag="300"><subfield code="a">v.</subfield></datafield><datafield ind1=" " ind2=" " tag="310"><subfield code="a">Weekly</subfield></datafield><datafield ind1="0" ind2=" " tag="362"><subfield code="a">Vol. 6, no. 15 (June 9, 1977)-v. 12, no. 19 (June 30, 1982).</subfield></datafield><datafield ind1=" " ind2=" " tag="500"><subfield code="a">Owners: Osia Williams, Pat Williams, and Bill J. Austin.</subfield></datafield><datafield ind1=" " ind2="0" tag="651"><subfield code="a">Sparta (Tenn.)</subfield><subfield code="v">Newspapers.</subfield></datafield><datafield ind1=" " ind2="0" tag="651"><subfield code="a">Spencer (Tenn.)</subfield><subfield code="v">Newspapers.</subfield></datafield><datafield ind1=" " ind2="0" tag="651"><subfield code="a">Old Zion (Tenn.)</subfield><subfield code="v">Newspapers.</subfield></datafield><datafield ind1=" " ind2="0" tag="651"><subfield code="a">White County (Tenn.)</subfield><subfield code="v">Newspapers.</subfield></datafield><datafield ind1=" " ind2="0" tag="651"><subfield code="a">Van Buren County (Tenn.)</subfield><subfield code="v">Newspapers.</subfield></datafield><datafield ind1=" " ind2=" " tag="752"><subfield code="a">United States</subfield><subfield code="b">Tennessee</subfield><subfield code="c">White</subfield><subfield code="d">Old Zion.</subfield></datafield><datafield ind1=" " ind2=" " tag="752"><subfield code="a">United States</subfield><subfield code="b">Tennessee</subfield><subfield code="c">White</subfield><subfield code="d">Sparta.</subfield></datafield><datafield ind1=" " ind2=" " tag="752"><subfield code="a">United States</subfield><subfield code="b">Tennessee</subfield><subfield code="c">Van Buren</subfield><subfield code="d">Spencer.</subfield></datafield><datafield ind1="0" ind2="0" tag="780"><subfield code="t">Sparta Tennessean</subfield><subfield code="w">(DLC)sn 00063930</subfield></datafield><datafield ind1="0" ind2="0" tag="785"><subfield code="t">White County times (Sparta, Tenn.)</subfield><subfield code="w">(DLC)sn 00063932</subfield></datafield></record>